@book{cantu2000efficient,
  title={Efficient and accurate parallel genetic algorithms},
  author={Cantu-Paz, Erick},
  volume={1},
  year={2000},
  publisher={Springer Science \& Business Media}
}
@conference{faris2016evolopy,
author={Hossam Faris and Ibrahim Aljarah and Seyedali Mirjalili and Pedro A. Castillo and Juan J. Merelo},
title={EvoloPy: An Open-source Nature-inspired Optimization Framework in Python},
booktitle={Proceedings of the 8th International Joint Conference on Computational Intelligence - Volume 1: ECTA, (IJCCI 2016)},
year={2016},
pages={171-177},
doi={10.5220/0006048201710177},
isbn={978-989-758-201-1},
}

@article{castillo2013dynamic,
  title={Dynamic fuzzy logic parameter tuning for ACO and its application in the fuzzy logic control of an autonomous mobile robot},
  author={Castillo, Oscar and Neyoy, H{\'e}ctor and Soria, Jos{\'e} and Garc{\'\i}a, Mario and Valdez, Fevrier},
  journal={International Journal of Advanced Robotic Systems},
  volume={10},
  number={1},
  pages={51},
  year={2013},
  publisher={SAGE Publications Sage UK: London, England}
}


@article{hofmann2013performance,
  title={Performance investigations of genetic algorithms on graphics cards},
  author={Hofmann, Johannes and Limmer, Steffen and Fey, Dietmar},
  journal={Swarm and Evolutionary Computation},
  volume={12},
  pages={33--47},
  year={2013},
  publisher={Elsevier}
}

@inproceedings{fuku1,
  author = {Gong, Yiyuan and Fukunaga, Alex},
  booktitle = {IEEE Congress on Evolutionary Computation},
  pages = {820--827},
  publisher = {IEEE},
  title = {Distributed island-model genetic algorithms using heterogeneous parameter settings},
  year = {2011},
}

@inproceedings{fuku2,
  author = {Tanabe, R and Fukunaga, A.},
  booktitle = {IEEE Congress on Evolutionary Computation},
  pages = {1263--1270},
  publisher = {IEEE},
  title = {Evaluation of a randomized parameter setting strategy for island-model evolutionary algorithms},
  year = {2013},
}



@InProceedings{fischer2012context,
  title={Context-Aware systems-the ʻrightʼ information, at the ʻrightʼ time, in the ʻrightʼ place, in the ʻrightʼ way, to the ʻrightʼ person},
  author={G., Fischer},
  booktitle={AVI ‘12 proceedings, Capri Island, Italy},
  year={2012},
  pages={287--294},
  publisher={ACM},
  address={USA}
}

@InProceedings{SE91,
  author =       "J.D. Schaffer and L.J. Eshelman",
  title =        "{On Crossover as an Evolutionary Viable Strategy}",
  editor =       "R.K. Belew and L.B. Booker",
  booktitle =    "{Proceedings of the 4th International Conference on Genetic Algorithms}",
  pages =        "61-68",
  publisher =    "Morgan Kaufmann",
  year =         "1991",
}

@inproceedings{garcia2014randomized,
  title={Randomized parameter settings for heterogeneous workers in a pool-based evolutionary algorithm},
  author={Garc{\'\i}a-Valdez, Mario and Trujillo, Leonardo and Merelo-Gu{\'e}rvos, Juan Juli{\'a}n and Fern{\'a}ndez-de-Vega, Francisco},
  booktitle={International Conference on Parallel Problem Solving from Nature},
  pages={702--710},
  year={2014},
  organization={Springer}
}


@book{international1998iso,
  title={ISO 9241-11: Ergonomic Requirements for Office Work with Visual Display Terminals (VDTs): Part 11: Guidance on Usability},
  author={International Organization for Standardization},
  year={1998}
}

@article{maguire2001context,
  title={Context of use within usability activities},
  author={M., Maguire},
  journal={International Journal of Human-Computer Studies},
  volume={55},
  number={4},
  pages={453--483},
  year={2001},
  publisher={Elsevier}
}

@book{dawkins1986blind,
  title={The blind watchmaker: Why the evidence of evolution reveals a universe without design},
  author={Dawkins, Richard},
  year={1986},
  publisher={WW Norton \& Company}
}

@book{sims1991artificial,
  title={Artificial evolution for computer graphics},
  author={Sims, Karl},
  volume={25},
  number={4},
  year={1991},
  publisher={ACM}
}

@inproceedings{sims1994evolving,
  title={Evolving virtual creatures},
  author={Sims, Karl},
  booktitle={Proceedings of the 21st annual conference on Computer graphics and interactive techniques},
  pages={15--22},
  year={1994},
  publisher={ACM}
}
@inproceedings{disz1997ubiworld,
  title={UbiWorld: an environment integrating virtual reality, supercomputing, and design},
  author={Disz, Terry and Papka, Michael E and Stevens, Rick},
  booktitle={Heterogeneous Computing Workshop, 1997.(HCW'97) Proceedings., Sixth},
  pages={46--57},
  year={1997},
  publisher={IEEE}
}
@inproceedings{unemi2000sbart,
  title={SBART 2.4: an IEC tool for creating 2D images, movies, and collage},
  author={Unemi, Tatsuo},
  booktitle={Proceedings of the Genetic and Evolutionary Computation Conference Program, Las Vegas},
  year={2000}
}
@inproceedings{unemi2003sbeat3,
  title={SBEAT3: A tool for multi-part music composition by simulated breeding},
  author={Unemi, Tatsuo},
  booktitle={Proceedings of the eighth international conference on artificial life. MIT Press, Cambridge},
  pages={410--413},
  year={2003}
}
@inproceedings{parmee1993concrete,
  title={The Concrete Arch Dam},
  author={Parmee, Ian C},
  booktitle={Artificial Neural Nets and Genetic Algorithms},
  pages={544--551},
  year={1993},
  publisher={Springer}
}
@inproceedings{ventrella1995disney,
  title={Disney meets Darwin-the evolution of funny animated figures},
  author={Ventrella, Jeffrey},
  booktitle={Computer Animation'95., Proceedings.},
  pages={35--43},
  year={1995},
  publisher={IEEE}
}
@inproceedings{takagi1996discrete,
  title={Discrete fitness values for improving the human interface in an interactive GA},
  author={Takagi, Hideyuki and Ohya, Kimiko},
  booktitle={Evolutionary Computation, 1996., Proceedings of IEEE International Conference on},
  pages={109--112},
  year={1996},
  publisher={IEEE}
}
@article{poli1997genetic,
  title={Genetic programming with user-driven selection: Experiments on the evolution of algorithms for image enhancement},
  author={Poli, Riccardo and Cagnoni, Stefano},
  journal={Genetic Programming},
  pages={269--277},
  year={1997},
  publisher={Citeseer}
}
@article{parmee1998genetic,
  title={Genetic algorithms and hydropower system design},
  author={Parmee, Ian C},
  journal={Computer-Aided Civil and Infrastructure Engineering},
  volume={13},
  number={1},
  pages={31--41},
  year={1998},
  publisher={Wiley Online Library}
}
@inproceedings{takagi1998interactive,
  title={Interactive evolutionary computation: System optimization based on human subjective evaluation},
  author={Takagi, Hideyuki},
  booktitle={IEEE Int. Conf. on Intelligent Engineering Systems (INES’98)},
  pages={17--19},
  year={1998}
}
@inproceedings{ochoa1998genetic,
  title={On genetic algorithms and Lindenmayer systems},
  author={Ochoa, Gabriela},
  booktitle={International Conference on Parallel Problem Solving from Nature},
  pages={335--344},
  year={1998},
  publisher={Springer}
}
@article{mccormack1993interactive,
  title={Interactive evolution of L-system grammars for computer graphics modelling},
  author={McCormack, Jon},
  journal={Complex Systems: from biology to computation},
  pages={118--130},
  year={1993},
  publisher={ISO Press, Amsterdam}
}

@inproceedings{sims1992interactive,
  title={Interactive evolution of dynamical systems},
  author={Sims, Karl},
  booktitle={Toward a practice of autonomous systems: Proceedings of the first European conference on artificial life},
  pages={171--178},
  year={1992}
}
@article{baluja1993simulating,
  title={Simulating User''s Preferences: Towards Automated Artificial Evolution for Computer Generated Images},
  author={Baluja, Shumeet and Pomerleau, Dean and Jochem, Todd},
  year={1993},
  publisher={Carnegie Mellon University}
}
@article{baluja1994towards,
  title={Towards automated artificial evolution for computer-generated images},
  author={Baluja, Shumeet and Pomerleau, Dean and Jochem, Todd},
  journal={Connection Science},
  volume={6},
  number={2-3},
  pages={325--354},
  year={1994},
  publisher={Taylor \& Francis}
}
@inproceedings{lund1995artistic,
  title={Artistic Design with GA and NN},
  author={Lund, Henrik Hautop and Pagliarini, Luigi and Miglino, P},
  booktitle={Proceedings of the 1st Nordic Workshop on Genetic Algorithms and Their Applications (1NWGA)},
  pages={97--105},
  year={1995}
}
@inproceedings{angeline1996evolving,
  title={Evolving fractal movies},
  author={Angeline, Peter J},
  booktitle={Proceedings of the 1st annual conference on genetic programming},
  pages={503--511},
  year={1996},
  publisher={MIT Press}
}
@inproceedings{raynal1999manipulation,
  title={Manipulation of non-linear IFS attractors using genetic programming},
  author={Raynal, Fr{\'e}d{\'e}ric and Lutton, Evelyn and Collet, Pierre and Schoenauer, Marc},
  booktitle={Evolutionary Computation, 1999. CEC 99. Proceedings of the 1999 Congress on},
  volume={2},
  year={1999},
  publisher={IEEE}
}
@inproceedings{lutton2003artie,
  title={ArtiE-fract: The artist’s viewpoint},
  author={Lutton, Evelyne and Cayla, Emmanuel and Chapuis, Jonathan},
  booktitle={Workshops on Applications of Evolutionary Computation},
  pages={510--521},
  year={2003},
  publisher={Springer}
}
@inproceedings{todd1992artificial,
  title={Artificial Life or surreal art?},
  author={Todd, Stephen},
  booktitle={1st European Conf. on Artificial Life},
  pages={504--513},
  year={1992},
  publisher={MIT Press}
}
@incollection{broughton1997use,
  title={The use of genetic programming in exploring 3d design worlds},
  author={Broughton, Terence and Tan, A and Coates, Paul S},
  booktitle={CAAD futures 1997},
  pages={885--915},
  year={1997},
  publisher={Springer}
}

@article{tam2002genetic,
  title={Genetic algorithm modeling aided with 3D visualization in optimizing construction site facility layout},
  author={Tam, CM and Leung, W},
  journal={International council for research and innovation in building and construction},
  volume={5},
  number={4},
  pages={125--36},
  year={2002}
}
@inproceedings{rowland2000evolutionary,
  title={Evolutionary co-operative design between human and computer: implementation of “the genetic sculpture park”},
  author={Rowland, Duncan and Biocca, Frank},
  booktitle={Proceedings of the fifth symposium on Virtual reality modeling language (Web3D-VRML)},
  pages={75--79},
  year={2000},
  publisher={ACM}
}
@article{nguyen1994evolvable,
  title={Evolvable 3D modeling for model-based object recognition systems},
  author={Nguyen, Thang and Huang, Thomas},
  journal={Advances in Genetic Programming},
  pages={459--475},
  year={1994}
}
@article{nguyen1993evolvable,
  title={Evolvable Modeling: structural adaptation through hierarchical evolution for 3--D model-based vision},
  author={Nguyen, Thang C and Goldberg, David E and Huang, Thomas S},
  journal={Urbana and Beckman Institute and Coordinated Science Laboratory, University of Illinois},
  year={1993}
}
@article{todd1994evolutionary,
  title={Evolutionary art and computers},
  author={Todd, Stephen and Latham, William},
  year={1994},
  publisher={Academic Press, Inc.}
}
@article{todd1999mutation,
  title={The mutation and growth of art by computers},
  author={Todd, Stephen and Latham, William},
  journal={Evolutionary design by computers},
  volume={9},
  pages={221--250},
  year={1999},
  publisher={ch}
}
@article{bentley1999introduction,
  title={An introduction to evolutionary design by computers},
  author={Bentley, Peter},
  journal={Evolutionary design by computers},
  pages={1--73},
  year={1999},
  publisher={Morgan Kaufmann}
}
@inproceedings{das1994genetic,
  title={A Genetic Programming Application in Virtual Reality.},
  author={Das, Sumit and Franguiadakis, Terry and Papka, Michael E and DeFanti, Thomas A and Sandin, Daniel J},
  booktitle={International Conference on Evolutionary Computation},
  pages={480--484},
  year={1994}
}
@inproceedings{papka1996ubiworld,
  title={Ubiworld: An environment integrating virtual reality, supercomputing and design},
  author={Papka, Michael E and Stevens, Rick},
  booktitle={High Performance Distributed Computing, 1996., Proceedings of 5th IEEE International Symposium on},
  pages={306--307},
  year={1996},
  publisher={IEEE}
}

@inproceedings{min2004creative,
  title={Creative 3D designs using interactive genetic algorithm with structured directed graph},
  author={Min, Hyeun-Jeong and Cho, Sung-Bae},
  booktitle={Pacific Rim International Conference on Artificial Intelligence},
  pages={391--400},
  year={2004},
  publisher={Springer}
}
@article{sims1997interactivity,
  title={Interactivity: A forgotten art?},
  author={Sims, Rod},
  journal={Computers in Human Behavior},
  volume={13},
  number={2},
  pages={157--180},
  year={1997},
  publisher={Elsevier}
}

@inproceedings{mckenna1990dynamic,
  title={Dynamic simulation of autonomous legged locomotion},
  author={McKenna, Michael and Zeltzer, David},
  booktitle={ACM SIGGRAPH Computer Graphics},
  volume={24},
  number={4},
  pages={29--38},
  year={1990},
  publisher={ACM}
}
@inproceedings{ventrella1994explorations,
  title={Explorations in the emergence of morphology and locomotion behavior in animated characters},
  author={Ventrella, Jeffrey},
  booktitle={Artificial Life IV},
  pages={436--441},
  year={1994}
}
@inproceedings{lim1995evolving,
  title={Evolving facial expressions},
  author={Lim, Ik Soo},
  booktitle={Evolutionary Computation, 1995., IEEE International Conference on},
  volume={2},
  pages={515--520},
  year={1995},
  publisher={IEEE}
}
@incollection{lim1999pro,
  title={Pro-actively interactive evolution for computer animation},
  author={Lim, Ik Soo and Thalmann, Daniel},
  booktitle={Computer Animation and Simulation’99},
  pages={45--52},
  year={1999},
  publisher={Springer}
}
@inproceedings{lim2000solve,
  title={Solve customers' problems: interactive evolution for tinkering with computer animation},
  author={Lim, Ik Soo and Thalmann, Daniel},
  booktitle={Proceedings of the 2000 ACM symposium on Applied computing-Volume 1},
  pages={404--407},
  year={2000},
  publisher={ACM}
}
@inproceedings{biles1994genjam,
  title={GenJam: A genetic algorithm for generating jazz solos},
  author={Biles, John},
  booktitle={Proceedings of the International Computer Music Conference},
  pages={131--131},
  year={1994},
  publisher={INTERNATIONAL COMPUTER MUSIC ACCOCIATION}
}
@inproceedings{biles1999life,
  title={Life with GenJam: Interacting with a musical IGA},
  author={Biles, John A},
  booktitle={Systems, Man, and Cybernetics, 1999. IEEE SMC'99 Conference Proceedings. 1999 IEEE International Conference on},
  volume={3},
  pages={652--656},
  year={1999},
  publisher={IEEE}
}
@article{biles2002genjam,
  title={GenJam: Evolution of a jazz improviser},
  author={Biles, John A},
  journal={Creative evolutionary systems},
  volume={168},
  pages={2},
  year={2002},
  publisher={San Francisco: Morgan Kaufmann}
}
@article{biles1996neural,
  title={Neural network fitness functions for a musical IGA},
  author={Biles, John and Anderson, Peter and Loggi, Laura},
  year={1996}

}
@inproceedings{nelson1993sonomorphs,
  title={Sonomorphs: An application of genetic algorithms to the growth and development of musical organisms},
  author={Nelson, Gary Lee},
  booktitle={Proceedings of the Fourth Biennial Art \& Technology Symposium},
  volume={155},
  year={1993}
}
@article{nelson1995further,
  title={Further adventures of the sonomorphs},
  author={Nelson, Gary Lee},
  journal={Conservatory of Music Report, Oberlin College},
  year={1995}
}
@inproceedings{horowitz1994generating,
  title={Generating rhythms with genetic algorithms},
  author={Horowitz, Damon},
  booktitle={AAAI},
  volume={94},
  pages={1459},
  year={1994}
}
@inproceedings{onisawa2000composition,
  title={Composition of melody reflecting user's feeling},
  author={Onisawa, T and Takizawa, W and Unehara, M},
  booktitle={Industrial Electronics Society, 2000. IECON 2000. 26th Annual Confjerence of the IEEE},
  volume={3},
  pages={1620--1625},
  year={2000},
  publisher={IEEE}
}
@article{tokui2000music,
  title={Music composition with interactive evolutionary computation},
  author={Tokui, Nao and Iba, Hitoshi},
  year={2000}
}
@incollection{fels2002interactive,
  title={Interactive, evolutionary textured sound composition},
  author={Fels, Sidney and Manzolli, Jonatas},
  booktitle={Multimedia 2001},
  pages={153--164},
  year={2002},
  publisher={Springer}
}
@article{watanabe1995recovering,
  title={Recovering system of the distorted speech using interactive genetic algorithms},
  author={Watanabe, Tatsumi and TAKAGI, Hideyuki},
  journal={Power (dB)},
  volume={20},
  number={40.0},
  pages={60--0},
  year={1995}
}
@inproceedings{todoroki2000user,
  title={User interface of an interactive evolutionary computation for speech processing},
  author={Todoroki, Yukichi and Takagi, H},
  booktitle={6th Int. Conf. on Soft Computing (IIZUKA2000)},
  pages={112--118},
  year={2000}
}
@book{hsu2000advanced,
  title={Advanced signal processing technology by soft computing},
  author={Hsu, Charles},
  volume={1},
  year={2000},
  publisher={World Scientific}
}
@article{sato2001idset,
  title={IDSET: Interactive design system using evolutionary techniques},
  author={Sato, Tomoya and Hagiwara, Masafumi},
  journal={Computer-Aided Design},
  volume={33},
  number={5},
  pages={367--377},
  year={2001},
  publisher={Elsevier}
}
@article{sato1997voice,
  title={Voice conversation using evolutionary computation of prosodic control},
  author={Sato, Yuji},
  journal={Intelligent Processing of Manufacturing of Materials’ 97},
  pages={342--348},
  year={1997}
}
@inproceedings{takagi1998application,
  title={Application of interactive evolutionary computation to optimal tuning of digital hearing aids},
  author={Takagi, Hideyuki},
  booktitle={In Int’l Conf. on Soft Computing (IIZUKA’98},
  year={1998},
  publisher={Citeseer}
}
@inproceedings{takagi1998application,
  title={Application of interactive evolutionary computation to optimal tuning of digital hearing aids},
  author={Takagi, Hideyuki},
  booktitle={In Int’l Conf. on Soft Computing (IIZUKA’98},
  year={1998},
  publisher={Citeseer}
}

@misc{google,
  author = {Larry Page and Sergey Brin},
  title = {Google},
  howpublished = {{"http://www.google.com"}},
  year = {1998}, 
}

%% User Modeling 
@inproceedings{brun2010compass,
  title={Compass to locate the user model I need: Building the bridge between researchers and practitioners in user modeling},
  author={Brun, Armelle and Boyer, Anne and Razmerita, Liana},
  booktitle={International Conference on User Modeling, Adaptation, and Personalization},
  pages={303--314},
  year={2010},
  publisher={Springer}
}
@inproceedings{brisson2012artificial,
  title={Artificial intelligence and personalization opportunities for serious games},
  author={Brisson, Ant{\'o}nio and Pereira, Gon{\c{c}}alo and Prada, Rui and Paiva, Ana and Louchart, Sandy and Suttie, Neil and Lim, Theo and Lopes, R and Bidarra, Rafael and Bellotti, Francesco and others},
  booktitle={Eighth AIIDE Conference},
  volume={2012},
  pages={51--57},
  year={2012}
}
@inproceedings{bakkes2012personalised,
  title={Personalised gaming: a motivation and overview of literature},
  author={Bakkes, Sander and Tan, Chek Tien and Pisan, Yusuf},
  booktitle={Proceedings of the 8th Australasian Conference on Interactive Entertainment: Playing the System},
  pages={4},
  year={2012},
  publisher={ACM}
}
@article{deepa2012adaptive,
  title={Adaptive hypermedia using link annotation technology and recommender model (AHLARM)},
  author={Deepa, N and Priyadarsini, S and Mahadevan, VENKATESH and Wilson, Joel},
  journal={J. Theor. Appl. Inf. Technol},
  volume={46},
  number={2},
  pages={1022},
  year={2012}
}
@inproceedings{durrani1997cognitive,
  title={Cognitive modeling: a domain independent user modeling},
  author={Durrani, Qaiser Shehryar},
  booktitle={Systems, Man, and Cybernetics, 1997. Computational Cybernetics and Simulation., 1997 IEEE International Conference on},
  volume={1},
  pages={217--220},
  year={1997},
  publisher={IEEE}
}
@article{heller2006competence,
  title={Competence-based knowledge structures for personalised learning},
  author={Heller, J{\"u}rgen and Steiner, Christina and Hockemeyer, Cord and Dietrich, Albert},
  journal={International Journal on ELearning},
  volume={5},
  number={1},
  pages={75},
  year={2006},
  publisher={Association for the Advancement of Computing in Education}
}
@article{elsom1993student,
  title={Student modelling in intelligent tutoring systems},
  author={Elsom-Cook, Mark},
  journal={Artificial Intelligence Review},
  volume={7},
  number={3-4},
  pages={227--240},
  year={1993},
  publisher={Springer}
}
@inproceedings{kay2000stereotypes,
  title={Stereotypes, student models and scrutability},
  author={Kay, Judy},
  booktitle={International Conference on Intelligent Tutoring Systems},
  pages={19--30},
  year={2000},
  publisher={Springer}
}
@article{kay2012coming,
  title={Coming of age: Celebrating a quarter century of user modeling and personalization: Guest editors’ introduction},
  author={Kay, Judy and McCalla, Gord},
  journal={User Modeling and User-Adapted Interaction},
  volume={22},
  number={1},
  pages={1--7},
  year={2012},
  publisher={Springer}
}
@incollection{kobsa2007generic,
  title={Generic user modeling systems},
  author={Kobsa, Alfred},
  booktitle={The adaptive web},
  pages={136--154},
  year={2007},
  publisher={Springer}
}
@inproceedings{karam2012modeling,
  title={Modeling end-users as contributors in human computation applications},
  author={Karam, Roula and Fraternali, Piero and Bozzon, Alessandro and Galli, Luca},
  booktitle={International Conference on Model and Data Engineering},
  pages={3--15},
  year={2012},
  publisher={Springer}
}
@book{korteling2011transfer,
  title={Transfer of Gaming: Transfer of training in serious gaming},
  author={Korteling, JE and Helsdingen, AS and Sluimer, RR and van Emmerik, ML and Kapp{\'e}, B},
  year={2011},
  publisher={Soesterberg: TNO}
}
@inproceedings{johnson2005serious,
  title={Serious games for language learning: How much game, how much AI?},
  author={Johnson, W Lewis and Vilhj{\'a}lmsson, Hannes H{\"o}gni and Marsella, Stacy},
  booktitle={AIED},
  volume={125},
  pages={306--313},
  year={2005}
}
@article{mctear1993user,
  title={User modelling for adaptive computer systems: a survey of recent developments},
  author={McTear, Michael F},
  journal={Artificial intelligence review},
  volume={7},
  number={3-4},
  pages={157--184},
  year={1993},
  publisher={Springer}
}
@inproceedings{peeters2012situated,
  title={Situated cognitive engineering: the requirements and design of automatically directed scenario-based training},
  author={Peeters, MMM and van den Bosch, Karel and Meyer, JJ and Neerincx, Mark A},
  booktitle={ACHI 2012, The Fifth International Conference on Advances in Computer-Human Interactions},
  pages={266--272},
  year={2012},
  publisher={XPS: Xpert Publishing Services}
}
@article{razmerita2009user,
  title={User Modeling and Personalization of Advanced Information Systems},
  author={Razmerita, Liana},
  year={2009}
}
@article{hargreaves2010making,
  title={Making energy visible: A qualitative field study of how householders interact with feedback from smart energy monitors},
  author={Hargreaves, Tom and Nye, Michael and Burgess, Jacquelin},
  journal={Energy policy},
  volume={38},
  number={10},
  pages={6111--6119},
  year={2010},
  publisher={Elsevier}
}
@article{razmerita2012user,
  title={User Modeling and Attention Support: Towards a Framework of Personalization Techniques},
  author={Razmerita, Liana and Nabeth, Thierry and Kirchner, Kathrin},
  journal={of: CENTRIC},
  pages={37},
  year={2012}
}
@article{toch2012personalization,
  title={Personalization and privacy: a survey of privacy risks and remedies in personalization-based systems},
  author={Toch, Eran and Wang, Yang and Cranor, Lorrie Faith},
  journal={User Modeling and User-Adapted Interaction},
  volume={22},
  number={1-2},
  pages={203--220},
  year={2012},
  publisher={Springer}
}


%% Fuzzy User Modeling

@article{kavvcivc2004fuzzy,
  title={Fuzzy user modeling for adaptation in educational hypermedia},
  author={Kav{\v{c}}i{\v{c}}, Alenka},
  journal={Systems, Man, and Cybernetics, Part C: Applications and Reviews, IEEE Transactions on},
  volume={34},
  number={4},
  pages={439--449},
  year={2004},
  publisher={IEEE}
}

@article{park2004fuzzy,
  title={A fuzzy rule-based approach to modeling affective user satisfaction towards office chair design},
  author={Park, Jungchul and Han, Sung H},
  journal={International Journal of Industrial Ergonomics},
  volume={34},
  number={1},
  pages={31--47},
  year={2004},
  publisher={Elsevier}
} 

@article{fischer2001user,
  title={User modeling in human--computer interaction},
  author={Fischer, Gerhard},
  journal={User modeling and user-adapted interaction},
  volume={11},
  number={1-2},
  pages={65--86},
  year={2001},
  publisher={Springer}
}

@article{jameson2009adaptive,
  title={Adaptive interfaces and agents},
  author={Jameson, Anthony},
  journal={Human-Computer Interaction: Design Issues, Solutions, and Applications},
  volume={105},
  year={2009},
  publisher={Boca Raton, FL: CRC Press Taylor \& Francis Group}
}

@inproceedings{xu2002intelligent,
  title={Intelligent student profiling with fuzzy models},
  author={Xu, Dongming and Wang, Huaiqing and Su, Kaile},
  booktitle={System Sciences, 2002. HICSS. Proceedings of the 35th Annual Hawaii International Conference on},
  pages={8--pp},
  year={2002},
  publisher={IEEE}
}

@article{kavcic2002dealing,
  title={Dealing with uncertainty of user knowledge: Fuzzy user modelling in educational hypermedia},
  author={Kavcic, Alenka},
  journal={Invited Lecture: Advances in Multimedia Communications, Information Processing and Education},
  year={2002}
}

@inproceedings{frias2004recent,
  title={Recent soft computing approaches to user modeling in adaptive hypermedia},
  author={Fr{\'\i}as-Mart{\'\i}nez, Enrique and Magoulas, George and Chen, Sherry and Macredie, Robert},
  booktitle={Adaptive Hypermedia and Adaptive Web-Based Systems},
  pages={104--114},
  year={2004},
  publisher={Springer}
}

%% Interactive evolutionary
@inproceedings{cardamone2011interactive,
  title={Interactive evolution for the procedural generation of tracks in a high-end racing game},
  author={Cardamone, Luigi and Loiacono, Daniele and Lanzi, Pier Luca},
  booktitle={Proceedings of the 13th annual conference on Genetic and evolutionary computation},
  pages={395--402},
  year={2011},
  publisher={ACM}
}

@inproceedings{marques2010interactive,
  title={Interactive evolutionary computation in music},
  author={Marques, Viriato M and Reis, Cecilia and Machado, J},
  booktitle={Systems Man and Cybernetics (SMC), 2010 IEEE International Conference on},
  pages={3501--3507},
  year={2010},
  publisher={IEEE}
}

@article{thiele2009preference,
  title={A preference-based evolutionary algorithm for multi-objective optimization},
  author={Thiele, Lothar and Miettinen, Kaisa and Korhonen, Pekka J and Molina, Julian},
  journal={Evolutionary computation},
  volume={17},
  number={3},
  pages={411--436},
  year={2009},
  publisher={MIT Press}
}

@article{takagi2007interactive,
  title={Interactive evolutionary computation-based hearing aid fitting},
  author={Takagi, Hideyuki and Ohsaki, Miho},
  journal={Evolutionary Computation, IEEE Transactions on},
  volume={11},
  number={3},
  pages={414--427},
  year={2007},
  publisher={IEEE}
}

@inproceedings{deb2007interactive,
  title={Interactive evolutionary multi-objective optimization and decision-making using reference direction method},
  author={Deb, Kalyanmoy and Kumar, Abhishek},
  booktitle={Proceedings of the 9th annual conference on Genetic and evolutionary computation},
  pages={781--788},
  year={2007},
  publisher={ACM}
}

@article{xiao2007interactive,
  title={Interactive evolutionary approaches to multiobjective spatial decision making: A synthetic review},
  author={Xiao, Ningchuan and Bennett, David A and Armstrong, Marc P},
  journal={Computers, Environment and Urban Systems},
  volume={31},
  number={3},
  pages={232--252},
  year={2007},
  publisher={Elsevier}
}

@inproceedings{henmi2006interactive,
  title={Interactive evolutionary computation with evaluation characteristics of Multi-IEC users},
  author={Henmi, Shinya and Iwashita, Shino and Takagi, Hideyuki},
  booktitle={Systems, Man and Cybernetics, 2006. SMC'06. IEEE International Conference on},
  volume={4},
  pages={3475--3480},
  year={2006},
  publisher={IEEE}
}

@article{takagi2001interactive,
  title={Interactive evolutionary computation: Fusion of the capabilities of EC optimization and human evaluation},
  author={Takagi, Hideyuki},
  journal={Proceedings of the IEEE},
  volume={89},
  number={9},
  pages={1275--1296},
  year={2001},
  publisher={IEEE}
}

@article{kim2000application,
  title={Application of interactive genetic algorithm to fashion design},
  author={Kim, Hee-Su and Cho, Sung-Bae},
  journal={Engineering applications of artificial intelligence},
  volume={13},
  number={6},
  pages={635--644},
  year={2000},
  publisher={Elsevier}
}

@article{cho2002towards,
  title={Towards creative evolutionary systems with interactive genetic algorithm},
  author={Cho, Sung-Bae},
  journal={Applied Intelligence},
  volume={16},
  number={2},
  pages={129--138},
  year={2002},
  publisher={Springer}
}

@article{cho2004emotional,
  title={Emotional image and musical information retrieval with interactive genetic algorithm},
  author={Cho, Sung-Bae},
  journal={Proceedings of the IEEE},
  volume={92},
  number={4},
  pages={702--711},
  year={2004},
  publisher={IEEE}
}

@inproceedings{schmidt2006actively,
  title={Actively probing and modeling users in interactive coevolution},
  author={Schmidt, Michael D and Lipson, Hod},
  booktitle={Proceedings of the 8th annual conference on Genetic and evolutionary computation},
  pages={385--386},
  year={2006},
  publisher={ACM}
}

@article{board2011pier,
  title={Pier Luca November 3, 2011},
  author={Board, SIGEVOlution},
  year={2011},
  publisher={Citeseer}
}


%% Gamify
@incollection{challco2014ontology,
  title={An ontology engineering approach to gamify collaborative learning scenarios},
  author={Challco, Geiser Chalco and Moreira, Dilvan A and Mizoguchi, Riichiro and Isotani, Seiji},
  booktitle={Collaboration and Technology},
  pages={185--198},
  year={2014},
  publisher={Springer}
}

@book{burke2014gamify,
  title={Gamify: How gamification motivates people to do extraordinary things},
  author={Burke, Brian},
  year={2014},
  publisher={Bibliomotion, Inc.}
}

@article{curtis2014public,
  title={Public Engagement Through the Development of Science-Based Computer Games The Wellcome Trust’s “Gamify Your PhD” Initiative},
  author={Curtis, Vickie},
  journal={Science Communication},
  volume={36},
  number={3},
  pages={379--387},
  year={2014},
  publisher={SAGE Publications}
}

@article{negrucsa2015exploring,
  title={Exploring gamification techniques and applications for sustainable tourism},
  author={Negru{\c{s}}a, Adina Leti{\c{t}}ia and Toader, Valentin and Sofic{\u{a}}, Aurelian and Tutunea, Mihaela Filofteia and Rus, Rozalia Veronica},
  journal={Sustainability},
  volume={7},
  number={8},
  pages={11160--11189},
  year={2015},
  publisher={Multidisciplinary Digital Publishing Institute}
}

@book{kumar2013gamification,
  title={Gamification at work: Designing engaging business software},
  author={Kumar, Janaki},
  year={2013},
  publisher={Springer}
}

@book{paharia2013loyalty,
  title={Loyalty 3.0: How to revolutionize customer and employee engagement with big data and gamification},
  author={Paharia, Rajat},
  year={2013},
  publisher={McGraw Hill Professional}
}

@book{zichermann2013gamification,
  title={The gamification revolution: how leaders leverage game mechanics to crush the competition},
  author={Zichermann, Gabe and Linder, Joselin},
  year={2013},
  publisher={McGraw Hill Professional}
}

@book{kapp2013gamification,
  title={The gamification of learning and instruction fieldbook: Ideas into practice},
  author={Kapp, Karl M},
  year={2013},
  publisher={John Wiley \& Sons}
}

@inproceedings{herzig2012generic,
  title={A generic platform for enterprise gamification},
  author={Herzig, Philipp and Ameling, Michael and Schill, Alexander},
  booktitle={Software Architecture (WICSA) and European Conference on Software Architecture (ECSA), 2012 Joint Working IEEE/IFIP Conference on},
  pages={219--223},
  year={2012},
  publisher={IEEE}
}

@inproceedings{deterding2011game,
abstract = {Recent years have seen a rapid proliferation of mass-market consumer software that takes inspiration from video games. Usually summarized as "gamification", this trend connects to a sizeable body of existing concepts and research in human-computer interaction and game studies, such as serious games, pervasive games, alternate reality games, or playful design. However, it is not clear how "gamification" relates to these, whether it denotes a novel phenomenon, and how to define it. Thus, in this paper we investigate "gamification" and the historical origins of the term in relation to precursors and similar concepts. It is suggested that "gamified" applications provide insight into novel, gameful phenomena complementary to playful phenomena. Based on our research, we propose a definition of "gamification" as the use of game design elements in non-game contexts.},
address = {Tampere, Finland},
author = {Deterding, Sebastian and Dixon, Dan and Khaled, Rilla and Nacke, Lennart E},
booktitle = {Proceedings of MindTrek 2011},
doi = {10.1145/2181037.2181040},
publisher = {ACM},
pages = {9--15},
publisher = {ACM},
title = {{From Game Design Elements to Gamefulness: Defining Gamification}},
url = {http://dx.doi.org/10.1145/2181037.2181040},
year = {2011}
}

@inproceedings{dubois2013understanding,
  title={Understanding gamification mechanisms for software development},
  author={Dubois, Daniel J and Tamburrelli, Giordano},
  booktitle={Proceedings of the 2013 9th Joint Meeting on Foundations of Software Engineering},
  pages={659--662},
  year={2013},
  publisher={ACM},
  publisher={ACM},
  address={NY}
}

@article{erenli2013gamify,
  title={Gamify Your Teaching-Using Location-Based Games for Educational Purposes.},
  author={Erenli, Kai},
  journal={iJAC},
  volume={6},
  number={2},
  pages={22--27},
  year={2013}
}

@article{khaled2011itʼs,
  title={Itʼs Not Just Whether You Win or Lose: Thoughts on Gamification and Culture},
  author={Khaled, Rilla},
  year={2011}
}

@article{macmillan2011gamification,
  title={Gamification': A growing business to invigorate stale websites},
  author={MacMillan, Douglas},
  journal={Business Week. http://www. businessweek. com/magazine/content/11\_05/b4213035403146. htm},
  year={2011}
}

@book{reeves2013total,
  title={Total engagement: How games and virtual worlds are changing the way people work and businesses compete},
  author={Reeves, Byron and Read, J Leighton},
  year={2013},
  publisher={Harvard Business Press}
}



@inproceedings{deterding2011gamification,
  title={Gamification. using game-design elements in non-gaming contexts},
  author={Deterding, Sebastian and Sicart, Miguel and Nacke, Lennart and O'Hara, Kenton and Dixon, Dan},
  booktitle={CHI'11 Extended Abstracts on Human Factors in Computing Systems},
  pages={2425--2428},
  year={2011},
  publisher={ACM}
}

@article{xu2011literature,
  title={Literature review on web application gamification and analytics},
  author={Xu, Yongwen},
  journal={Honolulu, HI},
  pages={11--05},
  year={2011}
}

@book{castronova2008synthetic,
  title={Synthetic worlds: The business and culture of online games},
  author={Castronova, Edward},
  year={2008},
  publisher={University of Chicago press}
}

@article{ohsaki1998input,
  title={An input method using discrete fitness values for interactive GA},
  author={Ohsaki, Miho and Takagi, Hideyuki and Ohya, Kimiko},
  journal={Journal of Intelligent \& Fuzzy Systems},
  volume={6},
  number={1},
  pages={131--145},
  year={1998},
  publisher={IOS Press}
}

@inproceedings{gong2009impact,
  title={Impact of individuals' fitness expressions on interactive genetic algorithms' performances},
  author={Gong, Dun-wei and Yuan, Jie},
  booktitle={2009 Chinese Control and Decision Conference},
  pages={2415--2420},
  year={2009},
  publisher={IEEE}
}
@article{gong2011interactive,
  title={Interactive genetic algorithms with individual’s fuzzy fitness},
  author={Gong, Dun-wei and Yuan, Jie and Sun, Xiao-yan},
  journal={Computers in Human Behavior},
  volume={27},
  number={5},
  pages={1482--1492},
  year={2011},
  publisher={Elsevier}
}
@inproceedings{secretan2008picbreeder,
  title={Picbreeder: evolving pictures collaboratively online},
  author={Secretan, Jimmy and Beato, Nicholas and D Ambrosio, David B and Rodriguez, Adelein and Campbell, Adam and Stanley, Kenneth O},
  booktitle={Proceedings of the SIGCHI Conference on Human Factors in Computing Systems},
  pages={1759--1768},
  year={2008},
  publisher={ACM}
}

@inproceedings{clune2011evolving,
  title={Evolving three-dimensional objects with a generative encoding inspired by developmental biology},
  author={Clune, Jeff and Lipson, Hod},
  booktitle={Proceedings of the European Conference on Artificial Life},
  pages={144--148},
  year={2011}
}


@inproceedings{angles2012comparison,
  title={A comparison of current graph database models},
  author={Angles, Renzo},
  booktitle={Data Engineering Workshops (ICDEW), 2012 IEEE 28th International Conference on},
  pages={171--177},
  year={2012},
  publisher={IEEE},
  address={USA}
}

@inproceedings{miller2013graph,
  title={Graph database applications and concepts with Neo4j},
  author={Miller, Justin J},
  booktitle={Proceedings of the Southern Association for Information Systems Conference, Atlanta, GA, USA},
  publisher={Southern Association for Information Systems},
  volume={2324},
  pages={36},
  address={USA},
  year={2013}
}

@book{bondy1976graph,
  title={Graph theory with applications},
  author={Bondy, John Adrian and Murty, Uppaluri Siva Ramachandra},
  volume={290},
  year={1976},
  publisher={Macmillan London}
}

@book{west2001introduction,
  title={Introduction to graph theory},
  author={West, Douglas Brent and others},
  volume={2},
  year={2001},
  publisher={Prentice hall Upper Saddle River}
}


%% User Modeling
@inproceedings{weber1997user,
  title={User modeling and adaptive navigation support in WWW-based tutoring systems},
  author={Weber, Gerhard and Specht, Marcus},
  booktitle={User Modeling},
  pages={289--300},
  year={1997},
  publisher={Springer}
}

@article{kobsa2001generic,
  title={Generic user modeling systems},
  author={Kobsa, Alfred},
  journal={User modeling and user-adapted interaction},
  volume={11},
  number={1-2},
  pages={49--63},
  year={2001},
  publisher={Springer}
}

@article{fischerdesign,
  title={Design, Learning, Collaboration and New Media},
  author={Fischer, Gerhard}
}

@article{plumbaum2015user,
  title={User modeling in the social semantic web},
  author={Plumbaum, Till},
  year={2015}
}

@inproceedings{tang2015user,
  title={User modeling with neural network for review rating prediction},
  author={Tang, Duyu and Qin, Bing and Liu, Ting and Yang, Yuekui},
  booktitle={Proc. IJCAI},
  pages={1340--1346},
  year={2015}
}

@article{yin2015dynamic,
  title={Dynamic user modeling in social media systems},
  author={Yin, Hongzhi and Cui, Bin and Chen, Ling and Hu, Zhiting and Zhou, Xiaofang},
  journal={ACM Transactions on Information Systems (TOIS)},
  volume={33},
  number={3},
  pages={10},
  year={2015},
  publisher={ACM}
}


@article{Garciade2009,
  Author = {Garc{\'\i}a, M. and Parra, B.},
  Journal = {in Studies in Computational Intelligence, Evolutionary Design of Intelligent Systems in Modeling, Simulation and Control},
  Publisher = {{S.B.} Heidelberg, Editor},
  Title = {A Hybrid Recommender System Architecture for Learning Objects},
  Year = {2009}}

@article{Garciade2008,
  Author = {Garc{\'\i}a, M.},
  Journal = {in Studies in Computational Intelligence, Evolutionary Design of Intelligent Systems in Modeling, Simulation and Control},
  Publisher = {Departamento de Ciencias Qu{\'\i}micas e Ingenier{\'\i}a. Universidad Aut{\'o}noma de Baja California. Tijuana, {B.C.}, M{\'e}xico},
  Title = {Aprendizaje colaborativo basado en recursos adaptativos},
  Year = {2008}}

@article{TakagiSugeno1983,
  Author = {Takagi, T. and Sugeno, M.},
  Journal = {In Proceedings of the IFAC Symposium on Fuzzy Information Representation and Decision Analysis},
  Title = {Derivation of fuzzy control rules from human operator's control actions}}

@article{Zadeh1973,
  Author = {Zadeh, L.},
  Journal = {{IEEE} Transactions on Systems, Man, Cybernetics},
  Number = {1},
  Title = {Outline of a new approach to the analysis of complex systems and decisions processes},
  Volume = {{SMC-3}},
  Year = {1973}}

@article{Takagi1985,
  Author = {Takagi, T. and Sugeno, M.},
  Journal = {{IEEE} Transactions on Systems., Man, Cybernetics},
  Number = {1},
  Title = {Fuzzy identification of systems and its applications to modeling and control},
  Volume = {{SMC-15}},
  Year = {1985}}


  @article{albert1999internet,
  title={Internet: Diameter of the world-wide web},
  author={Albert, R{\'e}ka and Jeong, Hawoong and Barab{\'a}si, Albert-L{\'a}szl{\'o}},
  journal={Nature},
  volume={401},
  number={6749},
  pages={130--131},
  year={1999},
  publisher={Nature Publishing Group}
}

@article{cockburn2001web,
  title={What do web users do? An empirical analysis of web use},
  author={Cockburn, Andy and McKenzie, Bruce},
  journal={International Journal of human-computer studies},
  volume={54},
  number={6},
  pages={903--922},
  year={2001},
  publisher={Elsevier}
}

@inproceedings{gitau2010after,
  title={After access: challenges facing mobile-only internet users in the developing world},
  author={Gitau, Shikoh and Marsden, Gary and Donner, Jonathan},
  booktitle={Proceedings of the SIGCHI Conference on Human Factors in Computing Systems},
  pages={2603--2606},
  year={2010},
  publisher={ACM}
}

%Gamification
@inproceedings{huotari2012defining,
  title={Defining gamification: a service marketing perspective},
  author={Huotari, Kai and Hamari, Juho},
  booktitle={Proceeding of the 16th International Academic MindTrek Conference},
  pages={17--22},
  year={2012},
  publisher={ACM}

}

@inproceedings{hamari2014does,
  title={Does gamification work?--a literature review of empirical studies on gamification},
  author={Hamari, Juho and Koivisto, Jonna and Sarsa, Harri},
  booktitle={2014 47th Hawaii International Conference on System Sciences},
  pages={3025--3034},
  year={2014},
  publisher={IEEE}
}

@misc{sutter2010browse,
  title={Browse the Web, earn points and prizes},
  author={Sutter, John D},
  year={2010},
  publisher={CNN}
}

@inproceedings{hamari2011framework,
  title={Framework for designing and evaluating game achievements},
  author={Hamari, Juho and Eranti, Veikko},
  booktitle={Proc. DiGRA},
  volume={115},
  pages={122--134},
  year={2011},
  publisher={Citeseer}
}

@article{o2010get,
  title={Get ready for the decade of gamification},
  author={O'Brien, Chris},
  journal={San Jose Mercury News},
  volume={24},
  year={2010}
}

@misc{hickman2010total,
  title={Total engagement: Using games and virtual worlds to change the way people work and businesses.},
  author={Hickman, Trey},
  year={2010},
  publisher={PERGAMON-ELSEVIER SCIENCE LTD THE BOULEVARD, LANGFORD LANE, KIDLINGTON, OXFORD OX5 1GB, ENGLAND}
}


@article{deterding2010just,
  title={Just Add Points? What UX can (and cannot) learn from game design},
  author={Deterding, Sebastian},
  journal={UXCamp Europe, Berlin, 30 May 2010},
  year={2010}
}
@book{mcgonigal2011reality,
  title={Reality is broken: Why games make us better and how they can change the world},
  author={McGonigal, Jane},
  year={2011},
  publisher={Penguin}
}

@incollection{eiben2015interactive,
  title={Interactive evolutionary algorithms},
  author={Eiben, AE and Smith, JE},
  booktitle={Introduction to Evolutionary Computing},
  pages={215--222},
  year={2015},
  publisher={Springer},
  address={Germany}
}

@TechReport{json:streams,
  author = 	 {James M. Snell and Evan Prodromou},
  title = 	 {Activity Streams 2.0, W3C Candidate Recommendation 15 December 2016},
  institution =  {World Wide Web Consortium},
  year = 	 2016,
  month = 	 {December},
  note = 	 {\url{https://www.w3.org/TR/activitystreams-core/}}}

@incollection{sebe2010human,
  title={Human-centered computing},
  author={Sebe, Nicu},
  booktitle={Handbook of ambient intelligence and smart environments},
  pages={349--370},
  year={2010},
  publisher={Springer},
  address={Germany}
}

@article{DBLP:journals/soco/FradeVC12,

  author    = {Miguel Frade and

               Francisco Fern{\'{a}}ndez de Vega and

               Carlos Cotta},

  title     = {Automatic evolution of programs for procedural generation of terrains

               for video games - Accessibility and edge length constraints},

  journal   = {Soft Comput.},

  volume    = {16},

  number    = {11},

  pages     = {1893--1914},

  year      = {2012},

  url       = {http://dx.doi.org/10.1007/s00500-012-0863-z},

  doi       = {10.1007/s00500-012-0863-z},

  timestamp = {Sat, 20 Oct 2012 18:05:18 +0200},

  biburl    = {http://dblp.uni-trier.de/rec/bib/journals/soco/FradeVC12},

  bibsource = {dblp computer science bibliography, http://dblp.org}

}

@article{alba2001analyzing,
  title={Analyzing synchronous and asynchronous parallel distributed genetic algorithms},
  author={Alba, Enrique and Troya, Jos{\'e} M},
  journal={Future Generation Computer Systems},
  volume={17},
  number={4},
  pages={451--465},
  year={2001},
  publisher={Elsevier}
}

@inproceedings{muhlenbein1989parallel,
  title={Parallel genetic algorithms, population genetics and combinatorial optimization},
  author={M{\"u}hlenbein, Heinz},
  booktitle={Workshop on Parallel Processing: Logic, Organization, and Technology},
  pages={398--406},
  year={1989},
  organization={Springer}
}


