@inproceedings{yu2011cooks,
  title={Cooks or cobblers?: crowd creativity through combination},
  author={Yu, Lixiu and Nickerson, Jeffrey V},
  booktitle={Proceedings of the SIGCHI conference on human factors in computing systems},
  pages={1393--1402},
  year={2011},
  publisher={ACM},
  address={USA}
}

@inproceedings{quinn2011human,
  title={Human computation: a survey and taxonomy of a growing field},
  author={Quinn, Alexander J and Bederson, Benjamin B},
  booktitle={Proceedings of the SIGCHI conference on human factors in computing systems},
  pages={1403--1412},
  year={2011},
  publisher={ACM},
  address={USA}
}


@misc{hammer2011oauth,
  title={The OAuth 2.0 authorization protocol},
  author={Hammer-Lahav, E and Recordon, D and Hardt, D},
  year={2011}
}

@Inbook{Sun2013,
author="Sun, Yu-An and Dance, Christopher",
title="Modeling Humans as Computing Resources",
bookTitle="Handbook of Human Computation",
year="2013",
publisher="Springer New York",
address="New York, NY",
pages="545--550",
isbn="978-1-4614-8806-4",
doi="10.1007/978-1-4614-8806-4_41",
url="http://dx.doi.org/10.1007/978-1-4614-8806-4_41"
}

@article{oh2015clicking,
  title={Clicking, assessing, immersing, and sharing an empirical model of user engagement with interactive media},
  author={Oh, Jeeyun and Bellur, Saraswathi and Sundar, S Shyam},
  journal={Communication Research},
  pages={27pp},
  volume={I},
  number={27},
  doi= {10.1177/0093650215600493},
  year={2015},
  publisher={SAGE Publications}
}


@inproceedings{campbell1991choices,
  title={Choices, frameworks and refinement},
  author={Campbell, Roy H. and Islam, Nayeem and Johnson, Ralph and Kougiouris, Panos and Madany, Peter},
  booktitle={Object Orientation in Operating Systems, 1991. Proceedings., 1991 International Workshop on},
  pages={9--15},
  year={1991},
  publisher={IEEE},
  address={USA}
}

@InBook{carneiro2010introducing,
  title={Introducing the Rails Framework},
  chapter = {1},
  author={Carneiro, Cloves and Barazi, Rida Al},
  book={Beginning Rails},
  pages={1--12},
  year={2010},
  publisher={Springer},
  address={Germany}
}

@inproceedings{wagy2014collective,
  title={Collective design of robot locomotion},
  author={Wagy, Mark and Bongard, Josh},
  booktitle={ALIFE 2014 Proceedings},
  volume={14},
  pages={138--145},
  year={2014},
  publisher={Alife},
  address={US}
}

@misc{greenhouse2012human,
  title={Human-centered design},
  author={Greenhouse, Esther Semsei},
  note={Retrieved from Livable New York: \url{http://www.aging.ny.gov/LivableNY/ResourceManual/DemographicAndSocialTrendsI}},
  year={2012}
}

@inproceedings{seyama2016development,
  title={Development of a multi-player interactive genetic algorithm-based 3D modeling system for glasses},
  author={Seyama, Takahito and Munetomo, Masaharu},
  booktitle={Evolutionary Computation (CEC), 2016 IEEE Congress on},
  pages={846--852},
  year={2016},
  publisher={IEEE},
  address={NY, USA}
}

@TechReport{Prodromou:16:AS,
  author      = "Evan Prodromou and James Snell",
  title       = "Activity Streams 2.0",
  month       = dec,
  note        = "https://www.w3.org/TR/2016/CR-activitystreams-core-20161215/",
  year        = "2016",
  bibsource   = "http://w2.syronex.com/jmr/w3c-biblio",
  type        = "Candidate Recommendation",
  institution = "W3C",
}

@book{ahuja1993network,
  title={Network flows: theory, algorithms, and applications},
  author={Ahuja, Ravindra K and Magnanti, Thomas L and Orlin, James B},
  year={1993},
  publisher={Prentice hall},
  address={USA}
}


@inproceedings{de2013unplugging,
  title={Unplugging evolutionary algorithms: on the sources of novelty and creativity},
  author={de Vega, F Fernandez and Navarro, Lilian and Cruz, Cayetano and Chavez, F and Espada, Luis and Hernandez, Patricia and Gallego, Tania},
  booktitle={Evolutionary Computation (CEC), 2013 IEEE Congress on},
  pages={2856--2863},
  year={2013},
  publisher={IEEE},
  address={USA}
}

@inproceedings{de2014artists,
  title={When artists met {EvoSpace-i}},
  author={de Vega, F Fern{\'a}ndez and Gallego, Tania and Garc{\'\i}a-Valdez, Mario and Espada, Luis and Navarro, Lilian and Albarr{\'a}n, V},
  booktitle={Evolutionary Computation (CEC), 2014 IEEE Congress on},
  pages={2282--2289},
  year={2014},
  publisher={IEEE},
  address={USA}
}

@article{gasson2003human,
  title={Human-centered vs. user-centered approaches to information system design},
  author={Gasson, Susan},
  journal={JITTA: Journal of Information Technology Theory and Application},
  volume={5},
  number={2},
  pages={29},
  year={2003},
  publisher={Association for Information Systems}
}

@inproceedings{holzschuher2013performance,
  title={Performance of graph query languages: comparison of cypher, gremlin and native access in Neo4j},
  author={Holzschuher, Florian and Peinl, Ren{\'e}},
  booktitle={Proceedings of the Joint EDBT/ICDT 2013 Workshops},
  pages={195--204},
  year={2013},
  publisher={ACM},
  address={USA}
}

@article{holzschuher2016querying,
  title={Querying a graph database--language selection and performance considerations},
  author={Holzschuher, Florian and Peinl, Ren{\'e}},
  journal={Journal of Computer and System Sciences},
  volume={82},
  number={1},
  pages={45--68},
  year={2016},
  publisher={Elsevier}
}

@incollection{romero2014using,
  title={Using a Graph Based Database to Support Collaborative Interactive Evolutionary Systems},
  author={Romero, Jos{\'e} C and Garc{\'\i}a-Valdez, M},
  booktitle={Recent Advances on Hybrid Approaches for Designing Intelligent Systems},
  pages={581--591},
  year={2014},
  publisher={Springer}
}

@TechReport{Prud'hommeaux:14:RT,
  author      = "Eric Prud'hommeaux and Gavin Carothers",
  title       = "{RDF} 1.1 Turtle",
  month       = feb,
  note        = "http://www.w3.org/TR/2014/REC-turtle-20140225/",
  year        = "2014",
  bibsource   = "http://w2.syronex.com/jmr/w3c-biblio",
  type        = "{W3C} Recommendation",
  institution = "W3C",
}
@Inbook{Romero2015,
author="Romero, J. C.
and Garc{\'i}a-Valdez, M.",
editor="Melin, Patricia
and Castillo, Oscar
and Kacprzyk, Janusz",
title="A Fitness Estimation Strategy for Web Based Interactive Evolutionary Applications Considering User Preferences and Activities Using Fuzzy Logic",
bookTitle="Design of Intelligent Systems Based on Fuzzy Logic, Neural Networks and Nature-Inspired Optimization",
year="2015",
publisher="Springer International Publishing",
address="Cham",
pages="507--516",
isbn="978-3-319-17747-2",
doi="10.1007/978-3-319-17747-2_39",
url="http://dx.doi.org/10.1007/978-3-319-17747-2_39"
}

@incollection{garcia2013evospace,
  title={{EvoSpace}-interactive: A framework to develop distributed collaborative-interactive evolutionary algorithms for artistic design},
  author={Garc{\'\i}a-Valdez, Mario and Trujillo, Leonardo and de Vega, Francisco Fern{\'a}ndez and Guerv{\'o}s, Juan Juli{\'a}n Merelo and Olague, Gustavo},
  booktitle={Evolutionary and Biologically Inspired Music, Sound, Art and Design},
  pages={121--132},
  year={2013},
  publisher={Springer},
  address={Germany}
}


@book{Pearson:2011ti,
author = {Pearson, Matt},
title = {{Generative Art}},
publisher = {Manning Publications},
year = {2011},
edition = {Pap/Psc},
month = jul
}



@book{Reas:2007wp,
author = {Reas, Casey and Ben Fry},
title = {A programming handbook for visual designers and artists},
publisher = {The MIT Press},
year = {2007},
}


@article{linda,
 author = {Gelernter, David},
 title = {Generative communication in Linda},
 journal = {ACM Trans. Program. Lang. Syst.},
 issue_date = {Jan. 1985},
 volume = {7},
 number = {1},
 month = jan,
 year = {1985},
 issn = {0164-0925},
 pages = {80--112},
 numpages = {33},
 url = {http://doi.acm.org/10.1145/2363.2433},
 doi = {10.1145/2363.2433},
 acmid = {2433},
 publisher = {ACM},
 address = {New York, NY, USA},
}


@inproceedings{Sims:1991,
 author = {Sims, Karl},
 title = {Artificial evolution for computer graphics},
 booktitle = {Proceedings of the 18th annual conference on Computer graphics and interactive techniques},
 series = {SIGGRAPH '91},
 year = {1991},
 isbn = {0-89791-436-8},
 pages = {319--328},
 url = {http://doi.acm.org/10.1145/122718.122752},
 doi = {10.1145/122718.122752},
 acmid = {122752},
 publisher = {ACM},
 address = {New York, NY, USA},
}

@inproceedings{JJ:2016,
 author = {J. J. Merelo and Paloma de Las Cuevas and Pablo Garc\'ia-S\'anchez and Mario Garc\'ia-Valdez},
 title = {The human in the loop: volunteer-based metacomputers as a socio-technical system},
 booktitle = {Proceedings of the Artificial Life Conference 2016},
 series = {Complex Adaptive Systems},
 year = {2016},
 isbn = {9780262339360},
 articleno = {103},
 numpages = {8},
 url = {http://dx.doi.org/10.7551/978-0-262-33936-0-ch103},
 doi = {http://dx.doi.org/10.7551/978-0-262-33936-0-ch103},
 publisher = {The MIT Press},
 address = {One Rogers Street
Cambridge MA 02142-1209},
}

@Inbook{Romero:2015,
author="Romero, J. C.
and Garc{\'i}a-Valdez, M.",
editor="Melin, Patricia
and Castillo, Oscar
and Kacprzyk, Janusz",
title="A Fitness Estimation Strategy for Web Based Interactive Evolutionary Applications Considering User Preferences and Activities Using Fuzzy Logic",
bookTitle="Design of Intelligent Systems Based on Fuzzy Logic, Neural Networks and Nature-Inspired Optimization",
year="2015",
publisher="Springer International Publishing",
address="Cham",
pages="507--516",
isbn="978-3-319-17747-2",
doi="10.1007/978-3-319-17747-2_39",
url="http://dx.doi.org/10.1007/978-3-319-17747-2_39"
}

@book{todd:1992,
  title={Evolutionary art and computers},
  author={Todd, S.J.P. and Latham, W.},
  isbn={9780124371859},
  lccn={93116042},
  url={http://books.google.com.mx/books?id=KfYlAQAAIAAJ},
  year={1992},
  publisher={Academic Press},
  address={UK}
}



@inproceedings{kosorukoff2002evolutionary,
  title={Evolutionary computation as a form of organization},
  author={Kosorukoff, Alexander and Goldberg, David},
  booktitle={Proceedings of the 4th Annual Conference on Genetic and Evolutionary Computation},
  pages={965--972},
  year={2002},
  publisher={Morgan Kaufmann Publishers Inc.},
  address={US}
}

@book{biomorphs,
  AUTHOR =       {Richard Dawkins},
  TITLE =        {Climbing Mount Improbable},
  PUBLISHER =    {W.W. Norton \& Company},
address={New York},
  YEAR =         {1996},
}

@InCollection{Bentley:1999:intro,
  author =	"Peter Bentley",
  title =	"An introduction to evolutionary design by computers",
  booktitle =	"Evolutionary Design by Computers",
  publisher =	"Morgan Kaufman",
  year = 	"1999",
  editor =	"Peter J. Bentley",
  chapter =	"1",
  pages =	"1--73",
  address =	"San Francisco, USA",
}

@book{DBLP:books/daglib/0015527,
  author    = {Kenneth A. De Jong},
  title     = {Evolutionary computation - a unified approach},
  publisher = {MIT Press},
  year      = {2006},
  pages     = {1-256},
}

@inproceedings{DBLP:conf/evoW/McCormack05,
 author = {McCormack, Jon},
 title = {Open problems in evolutionary music and art},
 booktitle = {Proceedings of the 3rd European conference on Applications of Evolutionary Computing},
 series = {EC'05},
 year = {2005},
 location = {Lausanne, Switzerland},
 pages = {428--436},
 publisher = {Springer-Verlag},
 address = {Berlin, Heidelberg},
}

@InProceedings{Frade:2010:EvoGAMES,
  author =	"Miguel Frade and Francisco {Fernandez de Vega} and
		 Carlos Cotta",
  title =	"Evolution of Artificial Terrains for Video Games Based
		 on Accessibility",
  booktitle =	"EvoGAMES",
  year = 	"2010",
  editor =	"Cecilia {Di Chio} and Stefano Cagnoni and Carlos Cotta
		 and Marc Ebner and Aniko Ekart and Anna I.
		 Esparcia-Alcazar and Chi-Keong Goh and Juan J. Merelo
		 and Ferrante Neri and Mike Preuss and Julian Togelius
		 and Georgios N. Yannakakis",
  volume =	"6024",
  series =	"LNCS",
  pages =	"90--99",
  address =	"Istanbul",
  month =	"7-9 " # apr,
  organisation = "EvoStar",
  publisher =	"Springer",
}

@book{r.dawkins1976the-selfish-gen,
  author = {Dawkins, R},
  booktitle = {The Selfish Gene},
  publisher = {Oxford University Press, Oxford, UK},
  title = {The Selfish Gene},
  year = {1976},
}


@article{ns:2012,
  author = {Woolley, Brian G. and Stanley, Kenneth O.},
  journal = {CoRR},
  title = {Exploring Promising Stepping Stones by Combining Novelty Search with Interactive Evolution},
  volume = {abs/1207.6682},
  year = {2012}
}

@techreport{ie2,
  AUTHOR =        {Y. Semet},
  TITLE =         {Evolutionary Computation: a survey of existing theory},
  INSTITUTION =   {University of Illinois},
  YEAR  =         {2002},
}

@article{ie1,
  author = {H. Takagi},
  journal = {Proceedings of IEEE},
  title = {Interactive evolutionary computation: fusion of the capabilities of EC optimization and human evaluation},
  volume = {89},
  number = {9},
  pages = {1275--1296},
  year = {2001}
}

@article{evoeco,
author={Kowaliw, T. and Dorin, A. and McCormack, J.},
journal={Evolutionary Computation, IEEE Transactions on},
title={Promoting Creative Design in Interactive Evolutionary Computation},
year={2012},
volume={16},
number={4},
pages={523 -536},
}


@article{cloud,
 author = {Armbrust, Michael and Fox, Armando and Griffith, Rean and Joseph, Anthony D. and Katz, Randy and Konwinski, Andy and Lee, Gunho and Patterson, David and Rabkin, Ariel and Stoica, Ion and Zaharia, Matei},
 title = {A view of cloud computing},
 journal = {Commun. ACM},
 volume = {53},
 number = {4},
 year = {2010},
 issn = {0001-0782},
 pages = {50--58},
 publisher = {ACM},
 address = {New York, NY, USA},
}

@article{trujillo_ecj,
 author = {Trujillo, Leonardo and Olague, Gustavo},
 title = {Automated design of image operators that detect interest points},
 journal = {Evol. Comput.},
 volume = {16},
 number = {4},
 month = dec,
 year = {2008},
 pages = {483--507},
 publisher = {MIT Press},
 address = {Cambridge, MA, USA},
}

@article{picbreeder,
 author = {Secretan, Jimmy and Beato, Nicholas and D'Ambrosio, David B. and Rodriguez, Adelein and Campbell, Adam and Folsom-Kovarik, Jeremiah T. and Stanley, Kenneth O.},
 title = {Picbreeder: A case study in collaborative evolutionary exploration of design space},
 journal = {Evol. Comput.},
 volume = {19},
 number = {3},
 month = sep,
 year = {2011},
 pages = {373--403},
 publisher = {MIT Press},
 address = {Cambridge, MA, USA},
}

@inproceedings{forms,
 author = {Clune, Jeff and Lipson, Hod},
 title = {Evolving three-dimensional objects with a generative encoding inspired by developmental biology},
 booktitle = {Proceedings of the European Conference on Artificial Life},
 year = {2011},
 pages = {144--148},
 publisher={MIT press},
 address={Boston, MA, USA}
 }

@inproceedings{langdon:2004,
  author = {Langdon, W. B.},
  booktitle = {Genetic Programming, Proceedings of EuroGP'2004},
  title = {Global Distributed Evolution of L-Systems Fractals},
  editor = {Keijzer, Maarten and O'Reilly, Una-May and Lucas, Simon M. and Costa, Ernesto and Soule, Terence},
  month = {5-7 April},
  pages = {349--358},
  publisher = {Springer-Verlag},
  publisher_address = {Berlin},
    address = {Berlin},
  series = {LNCS},
  volume = {3003},
  year = {2004},
}

@inproceedings{roy:2009,
 author = {Roy, Gautam and Lee, Hyunyoung and Welch, Jennifer L. and Zhao, Yuan and Pandey, Vijitashwa and Thurston, Deborah},
 title = {A distributed pool architecture for genetic algorithms},
 booktitle = {Proceedings of the Eleventh conference on Congress on Evolutionary Computation},
 series = {CEC'09},
 year = {2009},
 location = {Trondheim, Norway},
 pages = {1177--1184},
 publisher = {IEEE Press},
 address = {Piscataway, NJ, USA},
}

@article{ateam,
 author = {Talukdar, Sarosh and Baerentzen, Lars and Gove, Andrew and De Souza, Pedro},
 title = {Asynchronous Teams: Cooperation Schemes for Autonomous Agents},
 journal = {Journal of Heuristics},
 volume = {4},
 number = {4},
 year = {1998},
 pages = {295--321},
 publisher = {Kluwer Academic Publishers},
 address = {Hingham, MA, USA},
}

@inproceedings{bollini:1999,
 author = {Bollini, Alessandro and Piastra, Marco},
 title = {Distributed and Persistent Evolutionary Algorithms: A Design Pattern},
 booktitle = {Proceedings of the Second European Workshop on Genetic Programming},
 year = {1999},
 pages = {173--183},
 publisher = {Springer-Verlag},
 address = {London, UK, UK},
}

@inproceedings{merelo:2008,
  author = {Merelo Guervos, Juan Julián  and Valdivieso, Pedro A. Castillo and Laredo, Juan Luís Jiménez and García, Antonio Mora and Prieto, Alberto},
  booktitle = {IEEE Congress on Evolutionary Computation},
  pages = {1372-1379},
  publisher = {IEEE},
  title = {Asynchronous distributed genetic algorithms with Javascript and JSON.},
  year = {2008},
}

@inproceedings{spector:2007,
 author = {Klein, Jon and Spector, Lee},
 title = {Unwitting distributed genetic programming via asynchronous JavaScript and XML},
 booktitle = {Proceedings of the 9th annual conference on Genetic and evolutionary computation},
 series = {GECCO '07},
 year = {2007},
 location = {London, England},
 pages = {1628--1635},
 publisher = {ACM},
 address = {New York, NY, USA},
}


@inproceedings{cotillon:2012,
 author = {Cotillon, Alban and Valencia, Philip and Jurdak, Raja},
 title = {Android genetic programming framework},
 booktitle = {Proceedings of the 15th European conference on Genetic Programming},
 series = {EuroGP'12},
 year = {2012},
 location = {M\'alaga, Spain},
 pages = {13--24},
 publisher = {Springer-Verlag},
 address = {Berlin, Heidelberg},
}

@article{EvAg,
 author = {Laredo, J. L. and Eiben, A. E. and Steen, M. and Merelo, J. J.},
 title = {EvAg: a scalable peer-to-peer evolutionary algorithm},
 journal = {Genetic Programming and Evolvable Machines},
 volume = {11},
 number = {2},
 month = jun,
 year = {2010},
 pages = {227--246},
 publisher = {Kluwer Academic Publishers},
 address = {Hingham, MA, USA},
}


@ARTICLE{trap,
    author = {Dirk Thierens},
    title = {Scalability Problems of Simple Genetic Algorithms},
    journal = {Evolutionary Computation},
    year = {1999},
    volume = {7},
    pages = {331--352}
}



@inproceedings{sofea1,
 author = {Merelo-Guerv\'{o}s, Juan-Juli\'{a}n and Mora, Antonio and Cruz, J. Albert and Esparcia, Anna I.},
 title = {Pool-Based distributed evolutionary algorithms using an object database},
 booktitle = {Proceedings of the 2012t European conference on Applications of Evolutionary Computation},
 series = {EvoApplications'12},
 year = {2012},
 location = {M\'alaga, Spain},
 pages = {446--455},
 publisher = {Springer-Verlag},
 address = {Berlin, Heidelberg},
}

@inproceedings{sofea2,
author={Merelo-Guervos, Juan J. and Mora, Antonio and Cruz, J. Albert and Esparcia-Alcazar, Anna I. and Cotta, Carlos},
booktitle={Evolutionary Computation (CEC), 2012 IEEE Congress on}, title={Scaling in distributed evolutionary algorithms with persistent population},
year={2012},
month={June},
pages={1 -8},
publisher = {IEEE Comuter Society},}


@inproceedings{diversity,
 author = {Morrison, Ronald W. and Jong, Kenneth A. De},
 title = {Measurement of Population Diversity},
 booktitle = {Selected Papers from the 5th European Conference on Artificial Evolution},
 year = {2002},
 pages = {31--41},
 publisher = {Springer-Verlag},
 address = {London, UK, UK},
}

@Article{GValdez2015,
author="Garc{\'i}a-Valdez, Mario
and Trujillo, Leonardo
and Merelo, Juan-J
and Fern{\'a}ndez de Vega, Francisco
and Olague, Gustavo",
title="The {EvoSpace} Model for Pool-Based Evolutionary Algorithms",
journal="Journal of Grid Computing",
year="2015",
volume="13",
number="3",
pages="329--349",
abstract="This work presents the EvoSpace model for the development of pool-based evolutionary algorithms (Pool-EA). Conceptually, the EvoSpace model is built around a central repository or population store, incorporating some of the principles of the tuple-space model and adding additional features to tackle some of the issues associated with Pool-EAs; such as, work redundancy, starvation of the population pool, unreliability of connected clients or workers, and a large parameter space. The model is intended as a platform to develop search algorithms that take an opportunistic approach to computing, allowing the exploitation of freely available services over the Internet or volunteer computing resources within a local network. A comprehensive analysis of the model at both the conceptual and implementation levels is provided, evaluating performance based on efficiency, optima found and speedup, while providing a comparison with a standard EA and an island-based model. The issues of lost connections and system parametrization are studied and validated experimentally with encouraging results, that suggest how EvoSpace can be used to develop and implement different Pool-EAs for search and optimization.",
issn="1572-9184",
doi="10.1007/s10723-014-9319-2",
url="http://dx.doi.org/10.1007/s10723-014-9319-2"
}


@incollection{Evospace,
year={2013},
isbn={978-3-642-37191-2},
booktitle={Applications of Evolutionary Computation},
volume={7835},
series={Lecture Notes in Computer Science},
editor={Esparcia-Alc{\'a}zar, AnnaI.},
doi={10.1007/978-3-642-37192-9_50},
title={{EvoSpace: A Distributed Evolutionary Platform Based on the Tuple Space Model}},
url={http://dx.doi.org/10.1007/978-3-642-37192-9_50},
publisher={Springer Berlin Heidelberg},
keywords={Distributed Evolutionary Algorithms; Tuple Space; Cloud Computing},
author={Garc{\'i}a-Valdez, Mario and Trujillo, Leonardo and Fern{\'a}ndez de Vega, Francisco and Merelo Guerv{\'o}s, Juan J. and Olague, Gustavo},
pages={499-508},
address={Germany}
}

@incollection{Musart,
year={2013},
isbn={978-3-642-36954-4},
booktitle={Evolutionary and Biologically Inspired Music, Sound, Art and Design},
volume={7834},
series={Lecture Notes in Computer Science},
editor={M., Penousal and J., McDermott and A., Carballal},
title={{EvoSpace-Interactive: A Framework to Develop Distributed
Collaborative-Interactive Evolutionary Algorithms for Artistic Design}},
publisher={Springer Berlin Heidelberg},
author={Garcia-Valdez, Mario and Trujillo, Leonardo and Fern{\'a}ndez de Vega, Francisco and Merelo Guerv{\'o}s, JuanJ. and Olague, Gustavo},
pages={121-130}
}

@incollection{django,
year={2008},
isbn={978-1-59059-725-5},
booktitle={The Definitive Guide to Django},
doi={10.1007/978-1-4302-0331-5_1},
title={Introduction to Django},
url={http://dx.doi.org/10.1007/978-1-4302-0331-5_1},
publisher={Apress},
author={Holovaty, Adrian and Kaplan-Moss, Jacob},
pages={3-9},
language={English}
}

@misc{ galapagos,
   author = {Sims, Karl},
   title = "Gal{\'a}pagos",
   year = "1997",
   url = "http://www.karlsims.com/galapagos/index.html",
   note = "[Online; accessed 1-April-2016]"
 }
 
 @misc{ reas2004,
   author = {Reas Sims, Casey},
   title = "Process Compendium",
   year = "2004-2010",
   url = "http://reas.com/compendium_text/",
   note = "[Online; accessed 1-April-2016]"
 }
 
 
 
 @Inbook{Davies2016,
author="Davies, Edward
and Tew, Phillip
and Glowacki, David
and Smith, Jim
and Mitchell, Thomas",
editor="Johnson, Colin
and Ciesielski, Vic
and Correia, Jo{\~a}o
and Machado, Penousal",
chapter="Evolving Atomic Aesthetics and Dynamics",
title="Evolutionary and Biologically Inspired Music, Sound, Art and Design: 5th International Conference, EvoMUSART 2016, Porto, Portugal, March 30 -- April 1, 2016, Proceedings",
year="2016",
publisher="Springer International Publishing",
address="Cham",
pages="17--30",
isbn="978-3-319-31008-4",
doi="10.1007/978-3-319-31008-4_2",
url="http://dx.doi.org/10.1007/978-3-319-31008-4_2"
}

@incollection{davies2016evolving,
  title={Evolving Atomic Aesthetics and Dynamics},
  author={Davies, Edward and Tew, Phillip and Glowacki, David and Smith, Jim and Mitchell, Thomas},
  booktitle={Evolutionary and Biologically Inspired Music, Sound, Art and Design},
  pages={17--30},
  year={2016},
  publisher={Springer}
}