@misc{kinectOut,
  title = {Exclusive: Microsoft Has Stopped Manufacturing The Kinect},
  howpublished = {\url{https://www.fastcodesign.com/90147868/exclusive-microsoft-has-stopped-manufacturing-the-kinect}},
  note = {Accessed: 2017-12-11},
  author={Wilson, Mark }}

@article{takagi2001interactive,
  title={Interactive evolutionary computation: Fusion of the capabilities of EC optimization and human evaluation},
  author={Takagi, Hideyuki},
  journal={Proceedings of the IEEE},
  volume={89},
  number={9},
  pages={1275--1296},
  year={2001},
  publisher={IEEE}
}

@article{de2014unplugging,
  title={Unplugging Evolutionary Algorithms: an experiment on human-algorithmic creativity},
  author={Fern{\'a}ndez de Vega, F  and Cruz, Cayetano and Navarro, Lilian and Hern{\'a}ndez, P and Gallego, Tania and Espada, Luis},
  journal={Genetic Programming and Evolvable Machines},
  volume={15},
  number={4},
  pages={379--402},
  year={2014},
  publisher={Springer}
}

@inproceedings{de2013unplugging,
  title={Unplugging evolutionary algorithms: on the sources of novelty and creativity},
  author={Fern{\'a}ndez de Vega, F and Navarro, Lilian and Cruz, Cayetano and Chavez, F and Espada, Luis and Hernandez, P and Gallego, Tania},
  booktitle={Evolutionary Computation (CEC), 2013 IEEE Congress on},
  pages={2856--2863},
  year={2013},
  organization={IEEE}
}

@article{loiacono2014gecco,
  title={GECCO-2013 competitions},
  author={Loiacono, Daniele},
  journal={ACM SIGEVOlution},
  volume={6},
  number={2},
  pages={27--28},
  year={2014},
  publisher={ACM}
}

@inproceedings{moreno2016analysing,
  title={Analysing creative models based on unplugged evolutionary algorithms},
  author={Moreno, Lilian Navarro and de Vega, Francisco Fern{\'a}ndez and Rond{\'a}n, Patricia Hern{\'a}ndez and Garc{\'\i}a, Cayetano Jos{\'e} Cruz and Fern{\'a}ndez, Jos{\'e} Vicente Albarr{\'a}n},
  booktitle={Evolutionary Computation (CEC), 2016 IEEE Congress on},
  pages={4570--4577},
  year={2016},
  organization={IEEE}
}

@inproceedings{frade2010evolution,
  title={Evolution of artificial terrains for video games based on accessibility},
  author={Frade, Miguel and Fern\'andez de Vega, Francisco and Cotta, Carlos},
  booktitle={European Conference on the Applications of Evolutionary Computation},
  pages={90--99},
  year={2010},
  organization={Springer}
}

@article{boutsika2014kinect,
  title={Kinect in education: A proposal for children with autism},
  author={Boutsika, Evgenia},
  journal={Procedia Computer Science},
  volume={27},
  pages={123--129},
  year={2014},
  publisher={Elsevier}
}

@article{berra2013interfaz,
  title={Interfaz Natural para el Control de Drone Mediante Kinect},
  author={Berra, Eduardo and Cuautle, Jos{\'e} Rodrigo},
  journal={Journal de Ciencia e Ingenier{\i}a},
  volume={5},
  number={1},
  pages={53--65},
  year={2013}
}

@inproceedings{pompeu2015effect,
  title={Effect of Kinect games on postural control of patients with Parkinson's disease},
  author={Pompeu, Jos{\'e} Eduardo and Torriani-Pasin, Camila and Don{\'a}, Fl{\'a}via and Ganan{\c{c}}a, Fernando Freitas and da Silva, Keyte Guedes and Ferraz, Henrique Ballalai},
  booktitle={Proceedings of the 3rd 2015 Workshop on ICTs for improving Patients Rehabilitation Research Techniques},
  pages={54--57},
  year={2015},
  organization={ACM}
}

@article{tieben2014playful,
  title={Playful persuasion: Designing for ambient playful interactions in public spaces},
  author={Tieben, Rob and Sturm, Janienke and Bekker, Tilde and Schouten, Ben},
  journal={Journal of Ambient Intelligence and Smart Environments},
  volume={6},
  number={4},
  pages={341--357},
  year={2014},
  publisher={IOS Press}
}

@article{parry2014keeping,
  title={Keeping up with video game technology: Objective analysis of Xbox Kinect™ and PlayStation 3 Move™ for use in burn rehabilitation},
  author={Parry, Ingrid and Carbullido, Clarissa and Kawada, Jason and Bagley, Anita and Sen, Soman and Greenhalgh, David and Palmieri, Tina},
  journal={Burns},
  volume={40},
  number={5},
  pages={852--859},
  year={2014},
  publisher={Elsevier}
}

@book{arteevolutivo,
  title={Arte Evolutivo y Computaci'on:  Di'alogos de un experimento},
  author={Fern\'andez de Vega, F. and Cruz, C. and Hern\'andez, P. and Navarro, L. and Gallego, T. and Espada, L.},
  pages={1--150},
  year={2015},
  publisher={Universidad de Extremadura}
}

@article{chou2007museum,
  title={Museum visitor routing problem with the balancing of concurrent visitors},
  author={Chou, Shuo-Yan and Lin, Shih-Wei},
  journal={Complex Systems Concurrent Engineering},
  pages={345--353},
  year={2007},
  publisher={Springer}
}
